@book{hattie2015lernen,
  title={Lernen sichtbar machen: {\"U}berarbeitete deutschsprachige Ausgabe von Visible Learning},
  author={Hattie, J. and Beywl, W. and Zierer, K.},
  isbn={9783834014504},
  url={https://books.google.de/books?id=nzQIogEACAAJ},
  year={2015},
  publisher={Schneider Verlag GmbH}
}

@article{deciryan1993selbstbest,
  author  = {Deci, E. and Ryan, R.}, 
  title   = {Die Selbstbestimmungstheorie der Motivation und ihre Bedeutung für die Pädagogik},
  journal = {Zeitschrift für Pädagogik},
  year    = 1993
}

@misc{IQSH2016APVO,
  title={Ausbildung - Prüfung APVO Lehrkräfte},
  author={IQSH},
  year={2016}
}

@misc{youtube_gans,
  title = {What are GANs (Generative Adversarial Networks)?},
  year = {2021},
  howpublished = {\url{https://www.youtube.com/watch?v=TpMIssRdhco}},
  note = {Zugriff am: 12.10.2023}
}

@misc{gif_example,
  year = {2019},
  howpublished = {\url{https://user-images.githubusercontent.com/4602302/53282750-5e8fc280-374d-11e9-8a34-7d58c45c75fc.gif}}
}

@misc{kunstloft_article,
  title = {KI Kunst: Die faszinierende Welt der KI-generierten Bilder},
  year = {2023},
  howpublished = {\url{https://www.kunstloft.de/magazin/ki-kunst/}},
  note = {Zugriff am: 10.12.2023}
}

@misc{avinci_ai_gans,
  year = {2023},
  howpublished = {\url{https://www.avinci.ai/de/allgemein/generative-adversarial-networks-gans-ki-modelle-zur-erzeugung-neuer-inhalte/}},
  note = {Zugriff am: 09.01.2024}
}

@misc{mathworks_gan_training,
    title = {Monitor GAN Training Progress and Identify Common Failure Modes},
    howpublished = {\url{https://www.mathworks.com/help/deeplearning/ug/monitor-gan-training-progress-and-identify-common-failure-modes.html}},
    note = {Zugriff am 15.01.2024},
    year = {n.d.},
    publisher = {MathWorks}
}

@article{ar5iv_dynamic_discriminator,
    title = {Improving GANs with A Dynamic Discriminator},
    year = {2022},
    howpublished = {\url{https://ar5iv.org/html/2209.09897}},
    note = {Zugriff am 16.01.2024}
}

@article{ar5iv_contrastive_discriminator,
    title = {Training GANs with Stronger Augmentations via Contrastive Discriminator},
    year = {2021},
    howpublished = {\url{https://ar5iv.org/html/2103.09742}},
    note = {Zugriff am 16.01.2024}
}

@misc{StyleGAN3,
    title = {StyleGAN3 pretrained models},
    year = {2023},
    howpublished = {\url{https://catalog.ngc.nvidia.com/orgs/nvidia/teams/research/models/stylegan3}},
    note = {Zugriff am 20.01.2024}
}

@misc{StyleGAN3_Github,
    title = {StyleGAN3 Github},
    year = {2023},
    howpublished = {\url{https://github.com/NVlabs/stylegan3}},
    note = {Zugriff am 21.01.2024}
}


@misc{StyleGAN2,
    title = {Synthesizing High-Resolution Images with StyleGAN2},
    year = {2023},
    howpublished = {\url{https://developer.nvidia.com/blog/synthesizing-high-resolution-images-with-stylegan2/}},
    note = {Zugriff am 21.01.2024}
}

@misc{StyleGAN3_next,
    title = {What’s Next for GANs: Latest Techniques and Applications},
    year = {2022},
    howpublished = {\url{https://medium.com/sciforce/whats-next-for-gans-latest-techniques-and-applications-3be06a7e5ab9}},
    note = {Zugriff am 21.01.2024}
}

@misc{jiang2021transgan,
      title={TransGAN: Two Pure Transformers Can Make One Strong GAN, and That Can Scale Up}, 
      author={Yifan Jiang and Shiyu Chang and Zhangyang Wang},
      year={2021},
      eprint={2102.07074},
      archivePrefix={arXiv},
      primaryClass={cs.CV}
}